<?xml version="1.0" encoding="UTF-8" ?><marc:collection xmlns:marc="http://www.loc.gov/MARC21/slim" xmlns:xsi="http://www.w3.org/2001/XMLSchema-instance" xsi:schemaLocation="http://www.loc.gov/MARC21/slim http://www.loc.gov/standards/marcxml/schema/MARC21slim.xsd">
<marc:record><marc:leader>02298cam a2200397 i 4500</marc:leader>
<marc:controlfield tag="001">b12312460</marc:controlfield>
<marc:controlfield tag="003">LeBAU</marc:controlfield><marc:controlfield tag="005">20131021</marc:controlfield><marc:controlfield tag="008">970110s1900    le            000 0 ara d</marc:controlfield><marc:datafield tag="035" ind1=" " ind2=" "><marc:subfield code="a">(u)2000663</marc:subfield></marc:datafield><marc:datafield tag="035" ind1=" " ind2=" "><marc:subfield code="a">ocn784182926</marc:subfield></marc:datafield><marc:datafield tag="040" ind1=" " ind2=" "><marc:subfield code="a">LEAUB</marc:subfield><marc:subfield code="b">ara</marc:subfield><marc:subfield code="e">rda</marc:subfield><marc:subfield code="c">LEAUB</marc:subfield><marc:subfield code="d">LEAUB</marc:subfield></marc:datafield><marc:datafield tag="082" ind1="0" ind2="4"><marc:subfield code="a">239</marc:subfield><marc:subfield code="2">20</marc:subfield></marc:datafield><marc:datafield tag="100" ind1="1" ind2=" "><marc:subfield code="6">880-01</marc:subfield><marc:subfield code="a">‘Azīz, Buṭrus,</marc:subfield><marc:subfield code="e">author.</marc:subfield></marc:datafield><marc:datafield tag="245" ind1="1" ind2="0"><marc:subfield code="6">880-02</marc:subfield><marc:subfield code="a">Kitāb Rad‘ al-waqāḥāt al-Brūtistāntīyah :</marc:subfield><marc:subfield code="b">wa-huwa rad ‘alá jawab al-Qiss Anṭūnyūs Sharqī al-Ḥalabī /</marc:subfield><marc:subfield code="c">bi-qalam al-Qiss Buṭrus ‘Azīz, nā’ib Baṭriyark al-Kildān fī Ḥalab.</marc:subfield></marc:datafield><marc:datafield tag="246" ind1="3" ind2="0"><marc:subfield code="6">880-03</marc:subfield><marc:subfield code="a">Rad‘ al-waqāḥāt al-Brūtistāntīyah :</marc:subfield><marc:subfield code="b">wa-huwa rad ‘alá jawab al-Qiss Anṭūnyūs Sharqī al-Ḥalabī</marc:subfield></marc:datafield><marc:datafield tag="264" ind1=" " ind2="1"><marc:subfield code="6">880-04</marc:subfield><marc:subfield code="a">Bayrūt :</marc:subfield><marc:subfield code="b">al-Maṭba‘ah al-Kāthūlīkīyah lil-Ābā’ al-Mursalīn al-Yasū‘īyīn,</marc:subfield><marc:subfield code="c">1900.</marc:subfield></marc:datafield><marc:datafield tag="300" ind1=" " ind2=" "><marc:subfield code="6">880-05</marc:subfield><marc:subfield code="a">99 pages ;</marc:subfield><marc:subfield code="c">22 cm</marc:subfield></marc:datafield><marc:datafield tag="336" ind1=" " ind2=" "><marc:subfield code="a">text</marc:subfield><marc:subfield code="b">txt</marc:subfield><marc:subfield code="2">rdacontent</marc:subfield></marc:datafield><marc:datafield tag="337" ind1=" " ind2=" "><marc:subfield code="a">unmediated</marc:subfield><marc:subfield code="b">n</marc:subfield><marc:subfield code="2">rdamedia</marc:subfield></marc:datafield><marc:datafield tag="338" ind1=" " ind2=" "><marc:subfield code="a">volume</marc:subfield><marc:subfield code="b">nc</marc:subfield><marc:subfield code="2">rdacarrier</marc:subfield></marc:datafield><marc:datafield tag="600" ind1="1" ind2="0"><marc:subfield code="a">Ḥalabī, Anṭūniyūs Sharqī,</marc:subfield><marc:subfield code="c">al-Qass</marc:subfield></marc:datafield><marc:datafield tag="650" ind1=" " ind2="0"><marc:subfield code="a">Apologetics.</marc:subfield></marc:datafield><marc:datafield tag="650" ind1=" " ind2="0"><marc:subfield code="a">Catholics.</marc:subfield></marc:datafield><marc:datafield tag="650" ind1=" " ind2="0"><marc:subfield code="a">Protestants.</marc:subfield></marc:datafield><marc:datafield tag="700" ind1="1" ind2=" "><marc:subfield code="6">880-06</marc:subfield><marc:subfield code="a">Ḥalabī, Anṭūniyūs Sharqī,</marc:subfield><marc:subfield code="c">al-Qass.</marc:subfield></marc:datafield><marc:datafield tag="852" ind1=" " ind2=" "><marc:subfield code="a">Jafet Library</marc:subfield><marc:subfield code="c">J</marc:subfield><marc:subfield code="e">American University of Beirut, Bliss Street , Beirut, Lebanon.</marc:subfield><marc:subfield code="y">J</marc:subfield><marc:subfield code="z">MAIN</marc:subfield><marc:subfield code="2">C</marc:subfield><marc:subfield code="6">J</marc:subfield></marc:datafield><marc:datafield tag="880" ind1="1" ind2=" "><marc:subfield code="6">100-01/(3/r</marc:subfield><marc:subfield code="a">عزيز، بطرس،</marc:subfield><marc:subfield code="e">مؤلف. </marc:subfield><marc:subfield code="4">aut.</marc:subfield></marc:datafield><marc:datafield tag="880" ind1="1" ind2="0"><marc:subfield code="6">245-02/(3/r</marc:subfield><marc:subfield code="a">كتاب ردع الوقاحات البروتستانية :</marc:subfield><marc:subfield code="b">وهو رد على جواب القس انطونيوس شرقي الحلبي /</marc:subfield><marc:subfield code="c">بقلم القس بطرس عزيز، نائب بطريرك الكلدان في حلب.</marc:subfield></marc:datafield><marc:datafield tag="880" ind1="3" ind2="0"><marc:subfield code="6">246-03/(3/r</marc:subfield><marc:subfield code="a">ردع الوقاحات البروتستانية :</marc:subfield><marc:subfield code="b">وهو رد على جواب القس انطونيوس شرقي الحلبي</marc:subfield></marc:datafield><marc:datafield tag="880" ind1=" " ind2="1"><marc:subfield code="6">264-04/(3/r</marc:subfield><marc:subfield code="a">بيروت :</marc:subfield><marc:subfield code="b">المطبعة الكاثوليكية للآباء المرسلين اليسوعيين،</marc:subfield><marc:subfield code="c">1900.</marc:subfield></marc:datafield><marc:datafield tag="880" ind1=" " ind2=" "><marc:subfield code="6">300-05/(3/r</marc:subfield><marc:subfield code="a">99 صفحة ؛</marc:subfield><marc:subfield code="c">22 سم</marc:subfield></marc:datafield><marc:datafield tag="880" ind1="1" ind2=" "><marc:subfield code="6">700-06/(3/r</marc:subfield><marc:subfield code="a">الحلبي، انطونيوس شرقي،</marc:subfield><marc:subfield code="c">القس.</marc:subfield></marc:datafield><marc:datafield tag="907" ind1=" " ind2=" "><marc:subfield code="a">.b12312460</marc:subfield><marc:subfield code="b">15-05-13</marc:subfield><marc:subfield code="c">11-05-24</marc:subfield></marc:datafield><marc:datafield tag="998" ind1=" " ind2=" "><marc:subfield code="a">u05</marc:subfield><marc:subfield code="b">97-01-10</marc:subfield><marc:subfield code="c">m</marc:subfield><marc:subfield code="d">a</marc:subfield><marc:subfield code="e">-</marc:subfield><marc:subfield code="f">ara</marc:subfield><marc:subfield code="g">le </marc:subfield><marc:subfield code="h">0</marc:subfield><marc:subfield code="i">1</marc:subfield></marc:datafield><marc:datafield tag="945" ind1=" " ind2=" "><marc:subfield code="f">J</marc:subfield><marc:subfield code="a">239:A99rA:c.1</marc:subfield><marc:subfield code="g">1</marc:subfield><marc:subfield code="i">01000638</marc:subfield><marc:subfield code="j">0</marc:subfield><marc:subfield code="l">u0503</marc:subfield><marc:subfield code="n">Repair (Elias) 19Dec13</marc:subfield><marc:subfield code="o">e</marc:subfield><marc:subfield code="p">$0.00</marc:subfield><marc:subfield code="q">-</marc:subfield><marc:subfield code="r">3</marc:subfield><marc:subfield code="s">p</marc:subfield><marc:subfield code="t">3</marc:subfield><marc:subfield code="u">0</marc:subfield><marc:subfield code="v">0</marc:subfield><marc:subfield code="w">0</marc:subfield><marc:subfield code="x">0</marc:subfield><marc:subfield code="y">.i12739510</marc:subfield><marc:subfield code="z">11-05-24</marc:subfield><marc:subfield code="d">15-04-22</marc:subfield></marc:datafield></marc:record>