
<marc:record><marc:leader>04386cam a2200469 i 4500</marc:leader>
<marc:controlfield tag="001">b12374052</marc:controlfield>
<marc:controlfield tag="003">LeBAU</marc:controlfield><marc:controlfield tag="005">20140916</marc:controlfield><marc:controlfield tag="008">110524s1805    ua            ||0 0 ara d</marc:controlfield><marc:datafield tag="035" ind1=" " ind2=" "><marc:subfield code="a">(u)2007511</marc:subfield></marc:datafield><marc:datafield tag="035" ind1=" " ind2=" "><marc:subfield code="a">ocn784287809</marc:subfield></marc:datafield><marc:datafield tag="040" ind1=" " ind2=" "><marc:subfield code="a">LEAUB</marc:subfield><marc:subfield code="b">ara</marc:subfield><marc:subfield code="e">rda</marc:subfield><marc:subfield code="c">LEAUB</marc:subfield><marc:subfield code="d">LEAUB</marc:subfield></marc:datafield><marc:datafield tag="082" ind1="0" ind2="4"><marc:subfield code="a">297.23</marc:subfield><marc:subfield code="2">22</marc:subfield></marc:datafield><marc:datafield tag="100" ind1="1" ind2=" "><marc:subfield code="6">880-01</marc:subfield><marc:subfield code="a">Rāghib al-Iṣfahānī, Abū al-Qāsim al-Ḥusayn ibn Muḥammad,</marc:subfield><marc:subfield code="d">-1108 or 1109,</marc:subfield><marc:subfield code="e">author.</marc:subfield></marc:datafield><marc:datafield tag="245" ind1="1" ind2="0"><marc:subfield code="6">880-02</marc:subfield><marc:subfield code="a">Kitāb Tafṣīl al-nashʼatayn wa-taḥṣīl al-saʻādatayn /</marc:subfield><marc:subfield code="c">lil-imām Abī al-Qāsim al-Ḥusayn ibn Muḥammad ibn al-Mufaḍḍal al-Rāghib al-Iṣfahānī al-mutawaffá fī ra’s al-mā’ah al-khāmisah. [wa-ma‘ahu] Kitāb al-Akhlāq / ta’līf al-shaykh al-muḥaqqiq wa-al-imām al-mudaqqiq waḥīd ‘aṣrihi wa-farīd dahrihi al-Shaykh al-akbar Muḥyī al-Dīn ibn ‘Arabī. [wa-yalīh] risālah fī mudāwat al-nufūs wa-tahdhīb al-akhlāq wa-al-zuhd fī al-radhā’il / ta’līf al-imām al-naḥrīr al-wazīr al-ḥāfiẓ al-ḥujjah imām al-nuqqād Abī Muḥammad ‘Alī ibn Aḥmad ibn Sa‘īd ibn Ḥazm al-Andalusī al-Ẓāhirī.</marc:subfield></marc:datafield><marc:datafield tag="246" ind1="3" ind2="0"><marc:subfield code="6">880-03</marc:subfield><marc:subfield code="a">Tafṣīl al-nashʼatayn wa-taḥṣīl al-saʻādatayn</marc:subfield></marc:datafield><marc:datafield tag="264" ind1=" " ind2="1"><marc:subfield code="6">880-04</marc:subfield><marc:subfield code="a">[al-Qāhirah] :</marc:subfield><marc:subfield code="b">Muṣṭafá Afandī Fahmī al-Kutubī,</marc:subfield><marc:subfield code="c">1323 H., [1905? M.]</marc:subfield></marc:datafield><marc:datafield tag="300" ind1=" " ind2=" "><marc:subfield code="6">880-05</marc:subfield><marc:subfield code="a">108, 60, 77 pages ;</marc:subfield><marc:subfield code="c">19 cm</marc:subfield></marc:datafield><marc:datafield tag="336" ind1=" " ind2=" "><marc:subfield code="a">text</marc:subfield><marc:subfield code="b">txt</marc:subfield><marc:subfield code="2">rdacontent</marc:subfield></marc:datafield><marc:datafield tag="337" ind1=" " ind2=" "><marc:subfield code="a">unmediated</marc:subfield><marc:subfield code="b">n</marc:subfield><marc:subfield code="2">rdamedia</marc:subfield></marc:datafield><marc:datafield tag="338" ind1=" " ind2=" "><marc:subfield code="a">volume</marc:subfield><marc:subfield code="b">nc</marc:subfield><marc:subfield code="2">rdacarrier</marc:subfield></marc:datafield><marc:datafield tag="500" ind1=" " ind2=" "><marc:subfield code="a">طبع على نسخة منقولة عن نسخة خطية قدسية ومقابلة على نسخة اخرى كتبها لنفسه الشيخ رضى الدين إبن أبي بكر الحلبي سنة   963 هـ.</marc:subfield></marc:datafield><marc:datafield tag="588" ind1=" " ind2=" "><marc:subfield code="a">تاريخ النشر أخذ من: رسالة في مداواة النفوس وتهذيب الأخلاق والزهد في الرذائل.</marc:subfield></marc:datafield><marc:datafield tag="650" ind1=" " ind2="0"><marc:subfield code="a">Theological anthropology</marc:subfield><marc:subfield code="x">Islam.</marc:subfield></marc:datafield><marc:datafield tag="650" ind1=" " ind2="0"><marc:subfield code="a">Future life.</marc:subfield></marc:datafield><marc:datafield tag="650" ind1=" " ind2="0"><marc:subfield code="a">Creation.</marc:subfield></marc:datafield><marc:datafield tag="650" ind1=" " ind2="0"><marc:subfield code="a">Religious life</marc:subfield><marc:subfield code="x">Islam</marc:subfield><marc:subfield code="v">Early works to 1800.</marc:subfield></marc:datafield><marc:datafield tag="700" ind1="1" ind2="2"><marc:subfield code="6">880-06</marc:subfield><marc:subfield code="a">Ibn al-ʻArabī,</marc:subfield><marc:subfield code="d">1165-1240.</marc:subfield><marc:subfield code="t">al-Akhlāq.</marc:subfield></marc:datafield><marc:datafield tag="700" ind1="1" ind2="2"><marc:subfield code="6">880-07</marc:subfield><marc:subfield code="a">Ibn Ḥazm, ʻAlī ibn Aḥmad,</marc:subfield><marc:subfield code="d">994-1064.</marc:subfield><marc:subfield code="t">Risālah fī mudāwat al-nufūs wa-tahdhīb al-akhlāq wa-al-zuhd fī al-radhā’il.</marc:subfield></marc:datafield><marc:datafield tag="775" ind1="0" ind2=" "><marc:subfield code="6">880-08</marc:subfield><marc:subfield code="a">Kitāb Tafṣīl al-nashʼatayn wa-taḥṣīl al-saʻādatayn</marc:subfield><marc:subfield code="d">[Miṣr] : al-Maṭbaʻah al-Ḥamīdīyah al-Miṣrīyah, [1905? M.]</marc:subfield><marc:subfield code="w">b17618149</marc:subfield></marc:datafield><marc:datafield tag="852" ind1=" " ind2=" "><marc:subfield code="a">Jafet Library</marc:subfield><marc:subfield code="c">J</marc:subfield><marc:subfield code="e">American University of Beirut, Bliss Street , Beirut, Lebanon.</marc:subfield><marc:subfield code="y">J</marc:subfield><marc:subfield code="z">MAIN</marc:subfield><marc:subfield code="2">C</marc:subfield><marc:subfield code="6">J</marc:subfield></marc:datafield><marc:datafield tag="880" ind1="1" ind2=" "><marc:subfield code="6">100-01/(3/r</marc:subfield><marc:subfield code="a">الراغب الأصفهاني، أبو القاسم الحسين بن محمد،</marc:subfield><marc:subfield code="d">-1108،</marc:subfield><marc:subfield code="e">مؤلف. </marc:subfield><marc:subfield code="4">aut.</marc:subfield></marc:datafield><marc:datafield tag="880" ind1="1" ind2="0"><marc:subfield code="6">245-02/(3/r</marc:subfield><marc:subfield code="a">كتاب تفصيل النشأتين وتحصيل السعادتين /</marc:subfield><marc:subfield code="c">للإمام أبي القاسم الحسين بن محمد بن المفضل الراغب الأصفهاني المتوفى في رأس المائة الخامسة. [ومعه] كتاب الأخلاق / تأليف الشيخ المحقق والإمام المدقق وحيد عصره وفريد دهره الشيخ الأكبر محي الدين إبن عربي. [ويليه] رسالة في مداواة النفوس وتهذيب الأخلاق والزهد في الرذائل / تأليف الإمام النحرير الوزير الحافظ الحجة إمام النقاد أبي محمد علي بن أحمد بن سعيد بن حزم الأندلسي الظاهري.</marc:subfield></marc:datafield><marc:datafield tag="880" ind1="3" ind2="0"><marc:subfield code="6">246-03/(3/r</marc:subfield><marc:subfield code="a">تفصيل النشأتين وتحصيل السعادتين</marc:subfield></marc:datafield><marc:datafield tag="880" ind1=" " ind2="1"><marc:subfield code="6">264-04/(3/r</marc:subfield><marc:subfield code="a">[القاهرة] :</marc:subfield><marc:subfield code="b">مصطفى أفندي فهمي الكتبي،</marc:subfield><marc:subfield code="c">1323 هـ.، [1905؟ م.]</marc:subfield></marc:datafield><marc:datafield tag="880" ind1=" " ind2=" "><marc:subfield code="6">300-05/(3/r</marc:subfield><marc:subfield code="a">108، 60، 77 صفحة ؛</marc:subfield><marc:subfield code="c">19 سم</marc:subfield></marc:datafield><marc:datafield tag="880" ind1="1" ind2="2"><marc:subfield code="6">700-06/(3/r</marc:subfield><marc:subfield code="a">ابن العربي، محي الدين،</marc:subfield><marc:subfield code="d">1165-1240.</marc:subfield><marc:subfield code="t">الأخلاق.</marc:subfield></marc:datafield><marc:datafield tag="880" ind1="1" ind2="2"><marc:subfield code="6">700-07/(3/r</marc:subfield><marc:subfield code="a">ابن حزم، ابو محمد علي بن احمد،</marc:subfield><marc:subfield code="d">0944-1064.</marc:subfield><marc:subfield code="t">رسالة في مداواة النفوس وتهذيب الأخلاق والزهد في الرذائل.</marc:subfield></marc:datafield><marc:datafield tag="880" ind1="0" ind2=" "><marc:subfield code="6">775-08/(3/r</marc:subfield><marc:subfield code="a">كتاب تفصيل النشأتين وتحصيل السعادتين</marc:subfield><marc:subfield code="d">[مصر] : المطبعة الحميدية المصرية، [1905؟ م.]</marc:subfield><marc:subfield code="w">b17618149</marc:subfield></marc:datafield><marc:datafield tag="907" ind1=" " ind2=" "><marc:subfield code="a">.b12374052</marc:subfield><marc:subfield code="b">15-05-13</marc:subfield><marc:subfield code="c">11-05-24</marc:subfield></marc:datafield><marc:datafield tag="998" ind1=" " ind2=" "><marc:subfield code="a">u05</marc:subfield><marc:subfield code="b">97-03-02</marc:subfield><marc:subfield code="c">m</marc:subfield><marc:subfield code="d">a</marc:subfield><marc:subfield code="e">-</marc:subfield><marc:subfield code="f">ara</marc:subfield><marc:subfield code="g">ua </marc:subfield><marc:subfield code="h">0</marc:subfield><marc:subfield code="i">1</marc:subfield></marc:datafield><marc:datafield tag="945" ind1=" " ind2=" "><marc:subfield code="f">J</marc:subfield><marc:subfield code="a">297.23:R142taA</marc:subfield><marc:subfield code="g">1</marc:subfield><marc:subfield code="i">00295740</marc:subfield><marc:subfield code="j">0</marc:subfield><marc:subfield code="l">u0503</marc:subfield><marc:subfield code="o">-</marc:subfield><marc:subfield code="p">$0.00</marc:subfield><marc:subfield code="q">-</marc:subfield><marc:subfield code="r">3</marc:subfield><marc:subfield code="s">-</marc:subfield><marc:subfield code="t">3</marc:subfield><marc:subfield code="u">0</marc:subfield><marc:subfield code="v">0</marc:subfield><marc:subfield code="w">0</marc:subfield><marc:subfield code="x">0</marc:subfield><marc:subfield code="y">.i12827976</marc:subfield><marc:subfield code="z">11-05-24</marc:subfield><marc:subfield code="d">14-09-18</marc:subfield></marc:datafield></marc:record>