
<marc:record><marc:leader>04326cam a2200673 ia4500</marc:leader>
<marc:controlfield tag="001">b12630184</marc:controlfield>
<marc:controlfield tag="003">LeBAU</marc:controlfield><marc:controlfield tag="005">20140710</marc:controlfield><marc:controlfield tag="008">970904s1908    ua            000 0 ara d</marc:controlfield><marc:datafield tag="035" ind1=" " ind2=" "><marc:subfield code="a">(u)2036128</marc:subfield></marc:datafield><marc:datafield tag="035" ind1=" " ind2=" "><marc:subfield code="a">ocn784434594</marc:subfield></marc:datafield><marc:datafield tag="040" ind1=" " ind2=" "><marc:subfield code="a">LEAUB</marc:subfield><marc:subfield code="b">ara</marc:subfield><marc:subfield code="e">rda</marc:subfield><marc:subfield code="c">LEAUB</marc:subfield><marc:subfield code="d">LEAUB</marc:subfield></marc:datafield><marc:datafield tag="082" ind1="0" ind2="4"><marc:subfield code="a">909</marc:subfield><marc:subfield code="2">22</marc:subfield></marc:datafield><marc:datafield tag="100" ind1="1" ind2=" "><marc:subfield code="6">880-01</marc:subfield><marc:subfield code="a">Ṭabarī, Abū Jaʻfar Muḥammad ibn Jarīr,</marc:subfield><marc:subfield code="d">839-923,</marc:subfield><marc:subfield code="e">author.</marc:subfield></marc:datafield><marc:datafield tag="240" ind1="1" ind2="0"><marc:subfield code="6">880-02</marc:subfield><marc:subfield code="a">Tārīkh al-Ṭabarī</marc:subfield></marc:datafield><marc:datafield tag="245" ind1="1" ind2="0"><marc:subfield code="6">880-03</marc:subfield><marc:subfield code="a">Tārīkh al-umam wa-al-mulūk /</marc:subfield><marc:subfield code="c">li-Abī Jaʻfar Muḥammad ibn Jarīr al-Tạbarī.</marc:subfield></marc:datafield><marc:datafield tag="246" ind1="3" ind2="3"><marc:subfield code="6">880-04</marc:subfield><marc:subfield code="a">Tārīkh al-rusul wa-al-mulūk</marc:subfield></marc:datafield><marc:datafield tag="246" ind1="3" ind2=" "><marc:subfield code="6">880-05</marc:subfield><marc:subfield code="a">Tārīkh al-umam wa-al-mulūk</marc:subfield></marc:datafield><marc:datafield tag="250" ind1=" " ind2=" "><marc:subfield code="6">880-06</marc:subfield><marc:subfield code="a">First edition.</marc:subfield></marc:datafield><marc:datafield tag="264" ind1=" " ind2="1"><marc:subfield code="6">880-07</marc:subfield><marc:subfield code="a">Miṣr :</marc:subfield><marc:subfield code="b">al-Maṭbaʻah al-Husaynīyah,</marc:subfield><marc:subfield code="c">1326 H., [1908 M.]</marc:subfield></marc:datafield><marc:datafield tag="300" ind1=" " ind2=" "><marc:subfield code="6">880-08</marc:subfield><marc:subfield code="a">13 volumes in 5 ;</marc:subfield><marc:subfield code="c">27 cm</marc:subfield></marc:datafield><marc:datafield tag="336" ind1=" " ind2=" "><marc:subfield code="a">text</marc:subfield><marc:subfield code="b">txt</marc:subfield><marc:subfield code="2">rdacontent</marc:subfield></marc:datafield><marc:datafield tag="337" ind1=" " ind2=" "><marc:subfield code="a">unmediated</marc:subfield><marc:subfield code="b">n</marc:subfield><marc:subfield code="2">rdamedia</marc:subfield></marc:datafield><marc:datafield tag="338" ind1=" " ind2=" "><marc:subfield code="a">volume</marc:subfield><marc:subfield code="b">nc</marc:subfield><marc:subfield code="2">rdacarrier</marc:subfield></marc:datafield><marc:datafield tag="500" ind1=" " ind2=" "><marc:subfield code="a">النسختان 2و3: 13 جزء في 6.</marc:subfield></marc:datafield><marc:datafield tag="500" ind1=" " ind2=" "><marc:subfield code="a">الجزء 12: صلة تاريخ الطبري لعريب بن سعد القرطبي.</marc:subfield></marc:datafield><marc:datafield tag="651" ind1=" " ind2="0"><marc:subfield code="a">Islamic Empire</marc:subfield><marc:subfield code="x">Historiography.</marc:subfield></marc:datafield><marc:datafield tag="651" ind1=" " ind2="0"><marc:subfield code="a">Orient</marc:subfield><marc:subfield code="x">History.</marc:subfield></marc:datafield><marc:datafield tag="650" ind1=" " ind2="0"><marc:subfield code="a">World history.</marc:subfield></marc:datafield><marc:datafield tag="651" ind1=" " ind2="0"><marc:subfield code="a">Orient.</marc:subfield></marc:datafield><marc:datafield tag="700" ind1="1" ind2="2"><marc:subfield code="6">880-09</marc:subfield><marc:subfield code="a">Qurṭubī, ʻArīb ibn Saʻd,</marc:subfield><marc:subfield code="d">-979 or 980.</marc:subfield><marc:subfield code="t">Ṣilat tārīkh al-Ṭabarī.</marc:subfield></marc:datafield><marc:datafield tag="852" ind1=" " ind2=" "><marc:subfield code="a">Jafet Library</marc:subfield><marc:subfield code="c">J</marc:subfield><marc:subfield code="e">American University of Beirut, Bliss Street , Beirut, Lebanon.</marc:subfield><marc:subfield code="y">J</marc:subfield><marc:subfield code="z">MAIN</marc:subfield><marc:subfield code="2">C</marc:subfield><marc:subfield code="6">J</marc:subfield></marc:datafield><marc:datafield tag="880" ind1="1" ind2=" "><marc:subfield code="6">100-01/(3/r</marc:subfield><marc:subfield code="a">الطبري، ابو جعفر محمد بن جرير،</marc:subfield><marc:subfield code="d">839-923،</marc:subfield><marc:subfield code="e">مؤلف. </marc:subfield><marc:subfield code="4">aut.</marc:subfield></marc:datafield><marc:datafield tag="880" ind1="1" ind2="0"><marc:subfield code="6">240-02/(3/r</marc:subfield><marc:subfield code="a">تاريخ الطبري</marc:subfield></marc:datafield><marc:datafield tag="880" ind1="1" ind2="0"><marc:subfield code="6">245-03/(3/r</marc:subfield><marc:subfield code="a">تاريخ الامم و الملوك /</marc:subfield><marc:subfield code="c">لأبي جعفر محمد بن جرير الطبري.</marc:subfield></marc:datafield><marc:datafield tag="880" ind1="3" ind2="3"><marc:subfield code="6">246-04/(3/r</marc:subfield><marc:subfield code="a">تاريخ الرسل و الملوك</marc:subfield></marc:datafield><marc:datafield tag="880" ind1="3" ind2=" "><marc:subfield code="6">246-05/(3/r</marc:subfield><marc:subfield code="a">تاريخ الأمم والملوك</marc:subfield></marc:datafield><marc:datafield tag="880" ind1=" " ind2=" "><marc:subfield code="6">250-06/(3/r</marc:subfield><marc:subfield code="a">الطبعة الأولى.</marc:subfield></marc:datafield><marc:datafield tag="880" ind1=" " ind2="1"><marc:subfield code="6">264-07/(3/r</marc:subfield><marc:subfield code="a">مصر :</marc:subfield><marc:subfield code="b">المطبعة الحسينية،</marc:subfield><marc:subfield code="c">1326 هـ.، [1908 م.]</marc:subfield></marc:datafield><marc:datafield tag="880" ind1=" " ind2=" "><marc:subfield code="6">300-08/(3/r</marc:subfield><marc:subfield code="a">13 جزء في 5 ؛</marc:subfield><marc:subfield code="c">27 سم</marc:subfield></marc:datafield><marc:datafield tag="880" ind1="1" ind2="2"><marc:subfield code="6">700-09/(3/r</marc:subfield><marc:subfield code="a">القرطبي، عريب بن سعد</marc:subfield><marc:subfield code="t">صلة تاريخ الطبري.</marc:subfield></marc:datafield><marc:datafield tag="907" ind1=" " ind2=" "><marc:subfield code="a">.b12630184</marc:subfield><marc:subfield code="b">15-05-13</marc:subfield><marc:subfield code="c">11-05-24</marc:subfield></marc:datafield><marc:datafield tag="998" ind1=" " ind2=" "><marc:subfield code="a">u05</marc:subfield><marc:subfield code="b">97-09-04</marc:subfield><marc:subfield code="c">m</marc:subfield><marc:subfield code="d">a</marc:subfield><marc:subfield code="e">-</marc:subfield><marc:subfield code="f">ara</marc:subfield><marc:subfield code="g">ua </marc:subfield><marc:subfield code="h">0</marc:subfield><marc:subfield code="i">16</marc:subfield></marc:datafield><marc:datafield tag="945" ind1=" " ind2=" "><marc:subfield code="f">J</marc:subfield><marc:subfield code="a">909:T11tA:v.1-2:c.2</marc:subfield><marc:subfield code="g">1</marc:subfield><marc:subfield code="i">01048918</marc:subfield><marc:subfield code="j">0</marc:subfield><marc:subfield code="l">u0503</marc:subfield><marc:subfield code="o">-</marc:subfield><marc:subfield code="p">$0.00</marc:subfield><marc:subfield code="q">-</marc:subfield><marc:subfield code="r">3</marc:subfield><marc:subfield code="s">-</marc:subfield><marc:subfield code="t">3</marc:subfield><marc:subfield code="u">0</marc:subfield><marc:subfield code="v">0</marc:subfield><marc:subfield code="w">0</marc:subfield><marc:subfield code="x">0</marc:subfield><marc:subfield code="y">.i13153274</marc:subfield><marc:subfield code="z">11-05-24</marc:subfield><marc:subfield code="d">14-07-01</marc:subfield></marc:datafield><marc:datafield tag="945" ind1=" " ind2=" "><marc:subfield code="f">J</marc:subfield><marc:subfield code="a">909:T11tA:v.1-2:c.3</marc:subfield><marc:subfield code="g">1</marc:subfield><marc:subfield code="i">01048919</marc:subfield><marc:subfield code="j">0</marc:subfield><marc:subfield code="l">u0503</marc:subfield><marc:subfield code="o">-</marc:subfield><marc:subfield code="p">$0.00</marc:subfield><marc:subfield code="q">-</marc:subfield><marc:subfield code="r">3</marc:subfield><marc:subfield code="s">-</marc:subfield><marc:subfield code="t">3</marc:subfield><marc:subfield code="u">0</marc:subfield><marc:subfield code="v">0</marc:subfield><marc:subfield code="w">0</marc:subfield><marc:subfield code="x">0</marc:subfield><marc:subfield code="y">.i13153286</marc:subfield><marc:subfield code="z">11-05-24</marc:subfield><marc:subfield code="d">14-07-01</marc:subfield></marc:datafield><marc:datafield tag="945" ind1=" " ind2=" "><marc:subfield code="f">J</marc:subfield><marc:subfield code="a">909:T11tA:v.1-3:c.1</marc:subfield><marc:subfield code="g">1</marc:subfield><marc:subfield code="i">01048920</marc:subfield><marc:subfield code="j">0</marc:subfield><marc:subfield code="l">u0503</marc:subfield><marc:subfield code="o">-</marc:subfield><marc:subfield code="p">$0.00</marc:subfield><marc:subfield code="q">-</marc:subfield><marc:subfield code="r">3</marc:subfield><marc:subfield code="s">-</marc:subfield><marc:subfield code="t">3</marc:subfield><marc:subfield code="u">0</marc:subfield><marc:subfield code="v">0</marc:subfield><marc:subfield code="w">0</marc:subfield><marc:subfield code="x">0</marc:subfield><marc:subfield code="y">.i13153298</marc:subfield><marc:subfield code="z">11-05-24</marc:subfield><marc:subfield code="d">14-07-01</marc:subfield></marc:datafield><marc:datafield tag="945" ind1=" " ind2=" "><marc:subfield code="f">J</marc:subfield><marc:subfield code="a">909:T11tA:v.3-4:c.3</marc:subfield><marc:subfield code="g">1</marc:subfield><marc:subfield code="i">01048921</marc:subfield><marc:subfield code="j">0</marc:subfield><marc:subfield code="l">u0503</marc:subfield><marc:subfield code="o">-</marc:subfield><marc:subfield code="p">$0.00</marc:subfield><marc:subfield code="q">-</marc:subfield><marc:subfield code="r">3</marc:subfield><marc:subfield code="s">-</marc:subfield><marc:subfield code="t">3</marc:subfield><marc:subfield code="u">0</marc:subfield><marc:subfield code="v">0</marc:subfield><marc:subfield code="w">0</marc:subfield><marc:subfield code="x">0</marc:subfield><marc:subfield code="y">.i13153304</marc:subfield><marc:subfield code="z">11-05-24</marc:subfield><marc:subfield code="d">14-07-01</marc:subfield></marc:datafield><marc:datafield tag="945" ind1=" " ind2=" "><marc:subfield code="f">J</marc:subfield><marc:subfield code="a">909:T11tA:v.4-6:c.1</marc:subfield><marc:subfield code="g">1</marc:subfield><marc:subfield code="i">01048922</marc:subfield><marc:subfield code="j">0</marc:subfield><marc:subfield code="l">u0503</marc:subfield><marc:subfield code="o">-</marc:subfield><marc:subfield code="p">$0.00</marc:subfield><marc:subfield code="q">-</marc:subfield><marc:subfield code="r">3</marc:subfield><marc:subfield code="s">-</marc:subfield><marc:subfield code="t">3</marc:subfield><marc:subfield code="u">0</marc:subfield><marc:subfield code="v">0</marc:subfield><marc:subfield code="w">0</marc:subfield><marc:subfield code="x">0</marc:subfield><marc:subfield code="y">.i13153316</marc:subfield><marc:subfield code="z">11-05-24</marc:subfield><marc:subfield code="d">14-07-01</marc:subfield></marc:datafield><marc:datafield tag="945" ind1=" " ind2=" "><marc:subfield code="f">J</marc:subfield><marc:subfield code="a">909:T11tA:v.5-6:c.2</marc:subfield><marc:subfield code="g">1</marc:subfield><marc:subfield code="i">01048923</marc:subfield><marc:subfield code="j">0</marc:subfield><marc:subfield code="l">u0503</marc:subfield><marc:subfield code="o">-</marc:subfield><marc:subfield code="p">$0.00</marc:subfield><marc:subfield code="q">-</marc:subfield><marc:subfield code="r">3</marc:subfield><marc:subfield code="s">-</marc:subfield><marc:subfield code="t">3</marc:subfield><marc:subfield code="u">0</marc:subfield><marc:subfield code="v">0</marc:subfield><marc:subfield code="w">0</marc:subfield><marc:subfield code="x">0</marc:subfield><marc:subfield code="y">.i13153328</marc:subfield><marc:subfield code="z">11-05-24</marc:subfield><marc:subfield code="d">14-07-01</marc:subfield></marc:datafield><marc:datafield tag="945" ind1=" " ind2=" "><marc:subfield code="f">J</marc:subfield><marc:subfield code="a">909:T11tA:v.5-6:c.3</marc:subfield><marc:subfield code="g">1</marc:subfield><marc:subfield code="i">01048924</marc:subfield><marc:subfield code="j">0</marc:subfield><marc:subfield code="l">u0503</marc:subfield><marc:subfield code="o">-</marc:subfield><marc:subfield code="p">$0.00</marc:subfield><marc:subfield code="q">-</marc:subfield><marc:subfield code="r">3</marc:subfield><marc:subfield code="s">-</marc:subfield><marc:subfield code="t">3</marc:subfield><marc:subfield code="u">0</marc:subfield><marc:subfield code="v">0</marc:subfield><marc:subfield code="w">0</marc:subfield><marc:subfield code="x">0</marc:subfield><marc:subfield code="y">.i1315333x</marc:subfield><marc:subfield code="z">11-05-24</marc:subfield><marc:subfield code="d">14-07-01</marc:subfield></marc:datafield><marc:datafield tag="945" ind1=" " ind2=" "><marc:subfield code="f">J</marc:subfield><marc:subfield code="a">909:T11tA:v.7-8:c.1</marc:subfield><marc:subfield code="g">1</marc:subfield><marc:subfield code="i">01048925</marc:subfield><marc:subfield code="j">0</marc:subfield><marc:subfield code="l">u0503</marc:subfield><marc:subfield code="o">-</marc:subfield><marc:subfield code="p">$0.00</marc:subfield><marc:subfield code="q">-</marc:subfield><marc:subfield code="r">3</marc:subfield><marc:subfield code="s">-</marc:subfield><marc:subfield code="t">3</marc:subfield><marc:subfield code="u">0</marc:subfield><marc:subfield code="v">0</marc:subfield><marc:subfield code="w">0</marc:subfield><marc:subfield code="x">0</marc:subfield><marc:subfield code="y">.i13153341</marc:subfield><marc:subfield code="z">11-05-24</marc:subfield><marc:subfield code="d">14-07-01</marc:subfield></marc:datafield><marc:datafield tag="945" ind1=" " ind2=" "><marc:subfield code="f">J</marc:subfield><marc:subfield code="a">909:T11tA:v.7-8:c.2</marc:subfield><marc:subfield code="g">1</marc:subfield><marc:subfield code="i">01048926</marc:subfield><marc:subfield code="j">0</marc:subfield><marc:subfield code="l">u0503</marc:subfield><marc:subfield code="o">-</marc:subfield><marc:subfield code="p">$0.00</marc:subfield><marc:subfield code="q">-</marc:subfield><marc:subfield code="r">3</marc:subfield><marc:subfield code="s">-</marc:subfield><marc:subfield code="t">3</marc:subfield><marc:subfield code="u">0</marc:subfield><marc:subfield code="v">0</marc:subfield><marc:subfield code="w">0</marc:subfield><marc:subfield code="x">0</marc:subfield><marc:subfield code="y">.i13153353</marc:subfield><marc:subfield code="z">11-05-24</marc:subfield><marc:subfield code="d">14-07-01</marc:subfield></marc:datafield><marc:datafield tag="945" ind1=" " ind2=" "><marc:subfield code="f">J</marc:subfield><marc:subfield code="a">909:T11tA:v.7-8:c.3</marc:subfield><marc:subfield code="g">1</marc:subfield><marc:subfield code="i">01048927</marc:subfield><marc:subfield code="j">0</marc:subfield><marc:subfield code="l">u0503</marc:subfield><marc:subfield code="o">-</marc:subfield><marc:subfield code="p">$0.00</marc:subfield><marc:subfield code="q">-</marc:subfield><marc:subfield code="r">3</marc:subfield><marc:subfield code="s">-</marc:subfield><marc:subfield code="t">3</marc:subfield><marc:subfield code="u">0</marc:subfield><marc:subfield code="v">0</marc:subfield><marc:subfield code="w">0</marc:subfield><marc:subfield code="x">0</marc:subfield><marc:subfield code="y">.i13153365</marc:subfield><marc:subfield code="z">11-05-24</marc:subfield><marc:subfield code="d">14-07-01</marc:subfield></marc:datafield><marc:datafield tag="945" ind1=" " ind2=" "><marc:subfield code="f">J</marc:subfield><marc:subfield code="a">909:T11tA:v.9-10:c.1</marc:subfield><marc:subfield code="g">1</marc:subfield><marc:subfield code="i">01048929</marc:subfield><marc:subfield code="j">0</marc:subfield><marc:subfield code="l">u0503</marc:subfield><marc:subfield code="o">-</marc:subfield><marc:subfield code="p">$0.00</marc:subfield><marc:subfield code="q">-</marc:subfield><marc:subfield code="r">3</marc:subfield><marc:subfield code="s">-</marc:subfield><marc:subfield code="t">3</marc:subfield><marc:subfield code="u">0</marc:subfield><marc:subfield code="v">0</marc:subfield><marc:subfield code="w">0</marc:subfield><marc:subfield code="x">0</marc:subfield><marc:subfield code="y">.i13153377</marc:subfield><marc:subfield code="z">11-05-24</marc:subfield><marc:subfield code="d">14-07-01</marc:subfield></marc:datafield><marc:datafield tag="945" ind1=" " ind2=" "><marc:subfield code="f">J</marc:subfield><marc:subfield code="a">909:T11tA:v.9-10:c.2</marc:subfield><marc:subfield code="g">1</marc:subfield><marc:subfield code="i">01048931</marc:subfield><marc:subfield code="j">0</marc:subfield><marc:subfield code="l">u0503</marc:subfield><marc:subfield code="o">-</marc:subfield><marc:subfield code="p">$0.00</marc:subfield><marc:subfield code="q">-</marc:subfield><marc:subfield code="r">3</marc:subfield><marc:subfield code="s">-</marc:subfield><marc:subfield code="t">3</marc:subfield><marc:subfield code="u">0</marc:subfield><marc:subfield code="v">0</marc:subfield><marc:subfield code="w">0</marc:subfield><marc:subfield code="x">0</marc:subfield><marc:subfield code="y">.i13153389</marc:subfield><marc:subfield code="z">11-05-24</marc:subfield><marc:subfield code="d">14-07-01</marc:subfield></marc:datafield><marc:datafield tag="945" ind1=" " ind2=" "><marc:subfield code="f">J</marc:subfield><marc:subfield code="a">909:T11tA:v.9-10:c.3</marc:subfield><marc:subfield code="g">1</marc:subfield><marc:subfield code="i">01048933</marc:subfield><marc:subfield code="j">0</marc:subfield><marc:subfield code="l">u0503</marc:subfield><marc:subfield code="o">-</marc:subfield><marc:subfield code="p">$0.00</marc:subfield><marc:subfield code="q">-</marc:subfield><marc:subfield code="r">3</marc:subfield><marc:subfield code="s">-</marc:subfield><marc:subfield code="t">3</marc:subfield><marc:subfield code="u">0</marc:subfield><marc:subfield code="v">0</marc:subfield><marc:subfield code="w">0</marc:subfield><marc:subfield code="x">0</marc:subfield><marc:subfield code="y">.i13153390</marc:subfield><marc:subfield code="z">11-05-24</marc:subfield><marc:subfield code="d">14-07-01</marc:subfield></marc:datafield><marc:datafield tag="945" ind1=" " ind2=" "><marc:subfield code="f">J</marc:subfield><marc:subfield code="a">909:T11tA:v.11-13:c.1</marc:subfield><marc:subfield code="g">1</marc:subfield><marc:subfield code="i">01048935</marc:subfield><marc:subfield code="j">0</marc:subfield><marc:subfield code="l">u0503</marc:subfield><marc:subfield code="o">-</marc:subfield><marc:subfield code="p">$0.00</marc:subfield><marc:subfield code="q">-</marc:subfield><marc:subfield code="r">3</marc:subfield><marc:subfield code="s">-</marc:subfield><marc:subfield code="t">3</marc:subfield><marc:subfield code="u">0</marc:subfield><marc:subfield code="v">0</marc:subfield><marc:subfield code="w">0</marc:subfield><marc:subfield code="x">0</marc:subfield><marc:subfield code="y">.i13153407</marc:subfield><marc:subfield code="z">11-05-24</marc:subfield><marc:subfield code="d">14-07-01</marc:subfield></marc:datafield><marc:datafield tag="945" ind1=" " ind2=" "><marc:subfield code="f">J</marc:subfield><marc:subfield code="a">909:T11tA:v.11-13:c.2</marc:subfield><marc:subfield code="g">1</marc:subfield><marc:subfield code="i">01048936</marc:subfield><marc:subfield code="j">0</marc:subfield><marc:subfield code="l">u0503</marc:subfield><marc:subfield code="o">-</marc:subfield><marc:subfield code="p">$0.00</marc:subfield><marc:subfield code="q">-</marc:subfield><marc:subfield code="r">3</marc:subfield><marc:subfield code="s">-</marc:subfield><marc:subfield code="t">3</marc:subfield><marc:subfield code="u">0</marc:subfield><marc:subfield code="v">0</marc:subfield><marc:subfield code="w">0</marc:subfield><marc:subfield code="x">0</marc:subfield><marc:subfield code="y">.i13153419</marc:subfield><marc:subfield code="z">11-05-24</marc:subfield><marc:subfield code="d">14-07-01</marc:subfield></marc:datafield><marc:datafield tag="945" ind1=" " ind2=" "><marc:subfield code="f">J</marc:subfield><marc:subfield code="a">909:T11tA:v.11-13:c.3</marc:subfield><marc:subfield code="g">1</marc:subfield><marc:subfield code="i">00289532</marc:subfield><marc:subfield code="j">0</marc:subfield><marc:subfield code="l">u0503</marc:subfield><marc:subfield code="o">-</marc:subfield><marc:subfield code="p">$0.00</marc:subfield><marc:subfield code="q">-</marc:subfield><marc:subfield code="r">3</marc:subfield><marc:subfield code="s">-</marc:subfield><marc:subfield code="t">3</marc:subfield><marc:subfield code="u">0</marc:subfield><marc:subfield code="v">0</marc:subfield><marc:subfield code="w">0</marc:subfield><marc:subfield code="x">0</marc:subfield><marc:subfield code="y">.i13153420</marc:subfield><marc:subfield code="z">11-05-24</marc:subfield><marc:subfield code="d">14-07-01</marc:subfield></marc:datafield></marc:record>
</marc:collection>
